@article{evolutionerp,
    author = {Rashid M. A., Hossain L., Patrick J. D.},
    title = {The Evolution of ERP Systems: A Historical Perspective},
    year = {2002}
}
@book{bradford2014modern,
  title={Modern ERP: Select, Implement, and Use Today's Advanced Business Systems},
  author={Bradford, M.},
  isbn={9781312665989},
  url={https://books.google.hr/books?id=KZRqCAAAQBAJ},
  year={2014},
  publisher={North Carolina State University},
  pages={105}
}
@inproceedings{rbac,
    title={Role-Based Access Controls},
    author={Ferraiolo D., Kuhn R.},
    booktitle={Proceedings of the 15th National Computer Security Conference},
    year={1992},
    pages={554-563}
}

